@article{thisisandroidbook,
	title={이것이 안드로이드다}
	author={박성근}
	year={2014}
	publisher{한빛미디어}
}

@article{javaparallelbook,
	title={멀티 코어를 100% 활용하는 자바 병렬 프로그래밍(역서)}
	author={박성근}
	publisher{한빛미디어}
}


@article{effectivejava,
	title={Effective Jave 2nd Edition}
	author={브라이언 게츠, 더그 리, 팀 피얼스, 조셉 보우비어, 데이빗 홈즈, 조슈아 블로쉬}
	year={2008}
	publisher{에이콘}
}

@article{androidthreading,
	title={안드로이드 멀티스레딩(역서)}
	author={안데르스 예란손}
	year={2015}
	publisher{한빛미디어}
}